@article{dcn,
  title={{Dynamic Coattention Networks for Question Answering}},
  author={Xiong, Caiming and Zhong, Victor and Socher, Richard},
  journal={ICLR},
  year=2017
}

% Paper accompanying SQUAD2
@article{rajpurkar2018know,
  title={{Know what you don't know: Unanswerable questions for SQuAD}},
  author={Rajpurkar, Pranav and Jia, Robin and Liang, Percy},
  journal={arXiv preprint arXiv:1806.03822},
  year=2018
}

% SQUAD1 paper
@article{rajpurkar2016squad,
  title={{SQuAD: 100,000+ Questions for Machine Comprehension of Text}},
  author={Rajpurkar, Pranav and Zhang, Jian and Lopyrev, Konstantin and Liang, Percy},
  journal={Empirical Methods in Natural Language Processing (EMNLP)},
  year=2016
}

% DCN+
@article{dcn-plus,
  title     = {{DCN+:} Mixed Objective and Deep Residual Coattention for Question
               Answering},
  author    = {Caiming Xiong and
               Victor Zhong and
               Richard Socher},
  journal   = {CoRR},
  year      = {2017}
}

% Visual Question Answering
@article{visual-qa,
  author    = {Stanislaw Antol and
               Aishwarya Agrawal and
               Jiasen Lu and
               Margaret Mitchell and
               Dhruv Batra and
               C. Lawrence Zitnick and
               Devi Parikh},
  title     = {{VQA:} Visual Question Answering},
  journal   = {CoRR},
  year      = {2015}
}

% To say that QA is AI-complete.
@article{Weston2015TowardsAQ,
  title={Towards AI-Complete Question Answering: A Set of Prerequisite Toy Tasks},
  author={Jason Weston and Antoine Bordes and Sumit Chopra and Tomas Mikolov},
  journal={CoRR},
  year={2015},
  volume={abs/1502.05698}
}

% BERT
@inproceedings{bert,
  title={BERT: Pre-training of Deep Bidirectional Transformers for Language Understanding},
  author={Jacob Devlin and Ming-Wei Chang and Kenton Lee and Kristina Toutanova},
  booktitle={NAACL-HLT},
  year={2019}
}

% CoreNLP
@InProceedings{coreNLP,
  author    = {Manning, Christopher D. and  Surdeanu, Mihai  and  Bauer, John  and  Finkel, Jenny  and  Bethard, Steven J. and  McClosky, David},
  title     = {The {Stanford} {CoreNLP} Natural Language Processing Toolkit},
  booktitle = {Association for Computational Linguistics (ACL) System Demonstrations},
  year      = {2014},
  pages     = {55--60},
  url       = {http://www.aclweb.org/anthology/P/P14/P14-5010}
}

% Adam
@article{adam,
  title={Adam: A Method for Stochastic Optimization},
  author={Diederik P. Kingma and Jimmy Ba},
  journal={CoRR},
  year={2014},
  volume={abs/1412.6980}
}

% GLOVE
@inproceedings{glove,
    title = "{G}love: Global Vectors for Word Representation",
    author = "Pennington, Jeffrey  and
      Socher, Richard  and
      Manning, Christopher",
    booktitle = "Proceedings of the 2014 Conference on Empirical Methods in Natural Language Processing ({EMNLP})",
    month = oct,
    year = "2014",
    address = "Doha, Qatar",
    publisher = "Association for Computational Linguistics",
    url = "https://www.aclweb.org/anthology/D14-1162",
    doi = "10.3115/v1/D14-1162",
    pages = "1532--1543",
}

% PyTorch
@incollection{pytorch,
title = {PyTorch: An Imperative Style, High-Performance Deep Learning Library},
author = {Paszke, Adam and Gross, Sam and Massa, Francisco and Lerer, Adam and Bradbury, James and Chanan, Gregory and Killeen, Trevor and Lin, Zeming and Gimelshein, Natalia and Antiga, Luca and Desmaison, Alban and Kopf, Andreas and Yang, Edward and DeVito, Zachary and Raison, Martin and Tejani, Alykhan and Chilamkurthy, Sasank and Steiner, Benoit and Fang, Lu and Bai, Junjie and Chintala, Soumith},
booktitle = {Advances in Neural Information Processing Systems 32},
editor = {H. Wallach and H. Larochelle and A. Beygelzimer and F. d'Alch\'{e}-Buc and E. Fox and R. Garnett},
pages = {8024--8035},
year = {2019},
publisher = {Curran Associates, Inc.},
url = {http://papers.neurips.cc/paper/9015-pytorch-an-imperative-style-high-performance-deep-learning-library.pdf}
}

% LSTM
@article{lstm,
author = {Hochreiter, Sepp and Schmidhuber, J\"{u}rgen},
title = {Long Short-Term Memory},
year = {1997},
issue_date = {November 1997},
publisher = {MIT Press},
address = {Cambridge, MA, USA},
volume = {9},
number = {8},
issn = {0899-7667},
url = {https://doi.org/10.1162/neco.1997.9.8.1735},
doi = {10.1162/neco.1997.9.8.1735},
journal = {Neural Comput.},
month = nov,
pages = {1735â€“1780},
numpages = {46}
}

% Attention
@article{attention-foundational-paper,
  title={Neural Machine Translation by Jointly Learning to Align and Translate},
  author={Dzmitry Bahdanau and Kyunghyun Cho and Yoshua Bengio},
  journal={CoRR},
  year={2014},
  volume={abs/1409.0473}
}
 
@article{attention-is-all-you-need,
  author    = {Ashish Vaswani and
               Noam Shazeer and
               Niki Parmar and
               Jakob Uszkoreit and
               Llion Jones and
               Aidan N. Gomez and
               Lukasz Kaiser and
               Illia Polosukhin},
  title     = {Attention Is All You Need},
  journal   = {CoRR},
  volume    = {abs/1706.03762},
  year      = {2017},
  url       = {http://arxiv.org/abs/1706.03762},
  archivePrefix = {arXiv},
  eprint    = {1706.03762},
  timestamp = {Mon, 13 Aug 2018 16:48:37 +0200},
  biburl    = {https://dblp.org/rec/journals/corr/VaswaniSPUJGKP17.bib},
  bibsource = {dblp computer science bibliography, https://dblp.org}
}